<record><leader>00000cas a22000007a 4500</leader><controlfield tag="001">1764927</controlfield><controlfield tag="008">751101d193719uumnuen ne      0    0eng d</controlfield><controlfield tag="009">501</controlfield><datafield ind1=" " ind2=" " tag="010"><subfield code="a">sn 90059661 </subfield></datafield><datafield ind1=" " ind2=" " tag="040"><subfield code="a">MUL</subfield><subfield code="b">eng</subfield><subfield code="c">MUL</subfield><subfield code="d">MN#</subfield></datafield><datafield ind1="1" ind2=" " tag="029"><subfield code="a">AU@</subfield><subfield code="b">000025889476</subfield></datafield><datafield ind1=" " ind2=" " tag="042"><subfield code="a">msc</subfield></datafield><datafield ind1=" " ind2=" " tag="043"><subfield code="a">n-us-mn</subfield></datafield><datafield ind1=" " ind2=" " tag="052"><subfield code="a">4144</subfield><subfield code="b">S4</subfield></datafield><datafield ind1="0" ind2="4" tag="245"><subfield code="a">The Wilsonian.</subfield></datafield><datafield ind1=" " ind2=" " tag="260"><subfield code="a">St. Paul, Minn. :</subfield><subfield code="b">Wilson High School,</subfield><subfield code="c">1937-</subfield></datafield><datafield ind1=" " ind2=" " tag="300"><subfield code="a">v.</subfield></datafield><datafield ind1=" " ind2=" " tag="310"><subfield code="a">Biweekly (during school year),</subfield><subfield code="b">Nov. 6, 1940-Jan. 14, 1951</subfield></datafield><datafield ind1=" " ind2=" " tag="321"><subfield code="a">Monthly (during school year),</subfield><subfield code="b">Nov. 1, 1937-June 8, 1938</subfield></datafield><datafield ind1=" " ind2=" " tag="321"><subfield code="a">Semimonthly (during school year),</subfield><subfield code="b">Sept. 19, 1939-Dec. 20, 1939</subfield></datafield><datafield ind1=" " ind2=" " tag="321"><subfield code="a">Monthly (during school year),</subfield><subfield code="b">Jan. 10, 1939-Apr. 12, 1939</subfield></datafield><datafield ind1=" " ind2=" " tag="321"><subfield code="a">Semimonthly (during school year),</subfield><subfield code="b">May 3, 1939-Oct. 16, 1940</subfield></datafield><datafield ind1="0" ind2=" " tag="362"><subfield code="a">Vol. 1, no. 1 (Nov. 1, 1937)-</subfield></datafield><datafield ind1=" " ind2=" " tag="530"><subfield code="a">Available on microfilm from the Minnesota Historical Society.</subfield></datafield><datafield ind1=" " ind2=" " tag="752"><subfield code="a">United States</subfield><subfield code="b">Minnesota</subfield><subfield code="c">Ramsey</subfield><subfield code="d">Saint Paul.</subfield></datafield></record>